<?xml version="1.0" encoding="UTF-8"?>
<collection xmlns:xsi="http://www.w3.org/2001/XMLSchema-instance" xsi:schemaLocation="http://www.loc.gov/MARC21/slim http://www.loc.gov/standards/marcxml/schema/MARC21slim.xsd" xmlns="http://www.loc.gov/MARC21/slim">
<record>
  <leader>00723cam a22002051  4500</leader>
  <controlfield tag="001">3068471</controlfield>
  <controlfield tag="003">NNC</controlfield>
  <controlfield tag="005">20130426015252.0</controlfield>
  <controlfield tag="008">010820s1863    iq j          000 0 ara d</controlfield>
  <datafield tag="035" ind1=" " ind2=" ">
    <subfield code="a">(OCoLC)ocm47809601</subfield>
  </datafield>
  <datafield tag="035" ind1=" " ind2=" ">
    <subfield code="9">ATP0940CU</subfield>
  </datafield>
  <datafield tag="035" ind1=" " ind2=" ">
    <subfield code="a">(NNC)3068471</subfield>
  </datafield>
  <datafield tag="040" ind1=" " ind2=" ">
    <subfield code="a">ZCU</subfield>
    <subfield code="c">ZCU</subfield>
  </datafield>
  <datafield tag="099" ind1=" " ind2=" ">
    <subfield code="a">893.712</subfield>
    <subfield code="a">Su911</subfield>
  </datafield>
  <datafield tag="100" ind1="1" ind2=" ">
    <subfield code="a">Suwaydī, Muḥammad Amīn,</subfield>
    <subfield code="d">-1830 or 1831.</subfield>
  </datafield>
  <datafield tag="245" ind1="1" ind2="0">
    <subfield code="a">Sabāʾik al-dhahab fī maʻrifat qabāʾil al-ʻArab,</subfield>
    <subfield code="b">lil-shaykh ...</subfield>
    <subfield code="c">Abī-al-Fawz Muḥammad-Amīn al-Baghadādī al-shahīr bi al-Suwaydī.</subfield>
  </datafield>
  <datafield tag="260" ind1=" " ind2=" ">
    <subfield code="a">Baghdād,</subfield>
    <subfield code="b">Dāruʹṭ-Ṭibāʻa-i Dāruʹs-Salām</subfield>
    <subfield code="c">[1280 h., 1863]</subfield>
  </datafield>
  <datafield tag="300" ind1=" " ind2=" ">
    <subfield code="a">118 p.</subfield>
    <subfield code="b">(chiefly genealogical tables)</subfield>
  </datafield>
  <datafield tag="500" ind1=" " ind2=" ">
    <subfield code="a">Lithographed.</subfield>
  </datafield>
  <datafield tag="955" ind1=" " ind2=" ">
    <subfield code="b">CU58868518</subfield>
    <subfield code="d">off,glx</subfield>
    <subfield code="e">893.712 Su911</subfield>
  </datafield>
</record>
</collection>